%% LaTeX2e file `mysuperbib.bib'
%% generated by the `filecontents' environment
%% from source `main' on 2018/04/07.
%%
@inproceedings{li2017vae,
  title={Effective representing of information network by variational autoencoder},
  author={Li, Hang and Wang, Haozheng and Yang, Zhenglu and Liu, Haochen},
  booktitle={Proceedings of the 26th International Joint Conference on Artificial Intelligence},
  pages={2103--2109},
  year={2017},
  organization={AAAI Press}
}

@inproceedings{li2017effective,
  title={Effective Strategies on Representing Information Networks},
  author={Li, Hang and Wang, Haozheng and Yang, Zhenglu and Wei, Jin-Mao and Odagaki, Masato},
  booktitle={Proceedings of the 26th International Conference on World Wide Web Companion},
  pages={813--814},
  year={2017},
  organization={International World Wide Web Conferences Steering Committee}
}

@inproceedings{liang2017effective,
  title={AttAE-RLÂ²: Attention based Autoencoder for Rap Lyrics Representation Learning},
  author={Liang, Hongru and Li, Qian and Wang, Haozheng and Wei, Jin-Mao and Yang, Zhenglu},
  booktitle={Proceedings of the 27th International Conference on World Wide Web Companion},
  year={2018},
  organization={International World Wide Web Conferences Steering Committee}
}
