@article{downie2003music,
  title={Music information retrieval},
  author={Downie, J Stephen},
  journal={Annual review of information science and technology},
  volume={37},
  number={1},
  pages={295--340},
  year={2003},
  publisher={Wiley Online Library},
}

@article{mauch2015evolution,
  title={The evolution of popular music: USA 1960--2010},
  author={Mauch, Matthias and MacCallum, Robert M and Levy, Mark and Leroi, Armand M},
  journal={Royal Society open science},
  volume={2},
  number={5},
  pages={150081},
  year={2015},
  publisher={The Royal Society}
}

@article{bengio2009learning,
  title={Learning deep architectures for AI},
  author={Bengio, Yoshua and others},
  journal={Foundations and trends{\textregistered} in Machine Learning},
  volume={2},
  number={1},
  pages={1--127},
  year={2009},
  publisher={Now Publishers, Inc.}
}

@article{hadjeres2017glsr,
  title={GLSR-VAE: Geodesic Latent Space Regularization for Variational AutoEncoder Architectures},
  author={Hadjeres, Ga{\"e}tan and Nielsen, Frank and Pachet, Fran{\c{c}}ois},
  journal={arXiv preprint arXiv:1707.04588},
  year={2017}
}

@article{NIPS2016_6158,
title = {Generating Images with Perceptual Similarity Metrics based on Deep Networks},
author = {Dosovitskiy, Alexey and Brox, Thomas},
journal = {Advances in Neural Information Processing Systems 29},
pages = {658--666},
year = {2016},
}


@inproceedings {chen2017kate,
author = { Yu,Chen and Mohammed,J. Zaki },
title = { KATE: K-Competitive Autoencoder for Text },
booktitle = { Proceedings of the ACM SIGKDD International Conference on Data Mining and Knowledge Discovery },
doi = { http://dx.doi.org/10.1145/3097983.3098017 },
year = { 2017 },
month = { Aug }
}

@article{fabius2014variational,
  title={Variational recurrent auto-encoders},
  author={Fabius, Otto and van Amersfoort, Joost R},
  journal={arXiv preprint arXiv:1412.6581},
  year={2014}
}


@article{alexey2017music,
    title={Music generation with variational recurrent autoencoder supported by history},
    author={Alexey, Tikhonov and Ivan, P. Yamshchikov},
    journal={arXiv preprint arXiv:1705.05458},
    year={2017}
}

@inproceedings{Tsaptsinos2017lyrics,
    title={Lyrics-Based Music Genre Classification Using a Hierarchical Attention Network},
    author={Tsaptsinos, Alexandros},
    booktitle={Proceedings of the 18th International Society for Music Information Retrieval Conference},
    year={2017}
}

@inproceedings{hirjee2010rhyme,
  title={Rhyme analyzer: An analysis tool for rap lyrics},
  author={Hirjee, Hussein and Brown, Daniel G},
  booktitle={Proceedings of the 11th International Society for Music Information Retrieval Conference},
  year={2010}
}

@inproceedings{kodirov2017semantic,
    title={Semantic Autoencoder for Zero-Shot Learning},
    author={Kodirov, Elyor and Xiang, Tao and Gong, Shaogang},
    booktitle={Proceedings of IEEE Conference on Computer Vision and Pattern Recognition},
    address = {Honolulu, Hawaii, USA},
    month={July},
    year={2017}
}

@article{hinton2006reducing,
    title={Reducing the dimensionality of data with neural networks},
    author={Hinton, Geoffrey E and Salakhutdinov, Ruslan R},
    journal={science},
    volume={313},
    number={5786},
    pages={504--507},
    year={2006},
    publisher={American Association for the Advancement of Science}
}

@inproceedings{rumelhart1988learning,
  title={Learning internal representations by error propagation},
  author={Rumelhart, DE and Hinton, GE and Williams, RJ},
  booktitle={Neurocomputing: foundations of research},
  pages={673--695},
  year={1988},
  organization={MIT Press}
}

@book{campbell2005gettin,
  title={Gettin'our groove on: Rhetoric, language, and literacy for the hip hop generation},
  author={Campbell, Kermit Ernest},
  year={2005},
  publisher={Wayne State University Press}
}

@article{oliveira2012poetryme,
  title={PoeTryMe: a versatile platform for poetry generation},
  author={Oliveira, Hugo Gon{\c{c}}alo},
  journal={Computational Creativity, Concept Invention, and General Intelligence},
  volume={1},
  pages={21},
  year={2012}
}

@inproceedings{he2012generating,
  title={Generating chinese classical poems with statistical machine translation models},
  author={He, Jing and Zhou, Ming and Jiang, Long},
  booktitle={Proceedings of the 26th AAAI Conference on Artificial Intelligence},
  pages={1650--1656},
  year={2012}
}

@inproceedings{hirjee2009automatic,
  title={Automatic Detection of Internal and Imperfect Rhymes in Rap Lyrics.},
  author={Hirjee, Hussein and Brown, Daniel G},
  booktitle={Proceedings of the 10th International Society for Music Information Retrieval Conference},
  pages={711--716},
  year={2009}
}

@inproceedings{wu2013learning,
  title={Learning to freestyle: Hip hop challenge-response induction via transduction rule segmentation},
  author={Wu, Dekai and Addanki, Venkata Sai Karteek and Saers, Markus Sidonius and Beloucif, Meriem},
  booktitle={Proceedings of the 2013 Conference on Empirical Methods in Natural Language Processing },
  pages={102--112},
  location = {Seattle, Washington, United States},
  year={2013}
}

@inproceedings{Malmi2016dopelearning,
 author = {Malmi, Eric and Takala, Pyry and Toivonen, Hannu and Raiko, Tapani and Gionis, Aristides},
 title = {DopeLearning: A Computational Approach to Rap Lyrics Generation},
 booktitle = {Proceedings of the 22nd ACM SIGKDD International Conference on Knowledge Discovery and Data Mining},
 year = {2016},
 isbn = {978-1-4503-4232-2},
 location = {San Francisco, California, USA},
 pages = {195--204},
 numpages = {10},
 acmid = {2939679},
 keywords = {deep learning, information retrieval, lyrics generation, natural language processing, rankSVM, rap}
} 

@article{ruli2012using,
    author = { Ruli, Manurung  and  Graeme, Ritchie  and  Henry,s Thompson },
    title = {Using genetic algorithms to create meaningful poetic text},
    journal = {Journal of Experimental \& Theoretical Artificial Intelligence},
    volume = {24},
    number = {1},
    pages = {43-64},
    year = {2012}
}

@inproceedings{rui2013i,
    author = {Rui Yan and Han Jiang and Mirella Lapata and Shou-De Lin and Xueqiang Lv and Xiaoming Li},
    title = {i, Poet: Automatic Chinese Poetry Composition through a Generative Summarization Framework under Constrained Optimization},
    booktitle = {Proceedings of International Joint Conference on Artificial Intelligence},
    year = {2013}
}

@InProceedings{zhang2014chinese,
    author    = {Zhang, Xingxing  and  Lapata, Mirella},
    title     = {Chinese Poetry Generation with Recurrent Neural Networks},
    booktitle = {Proceedings of the 2014 Conference on Empirical Methods in Natural Language Processing },
    month     = {October},
    year      = {2014},
    pages     = {670--680}
}

@InProceedings{zhang2016chinese,
    author    = {Zhang, Xingxing  and  Lapata, Mirella},
    title     = {Chinese poetry generation with planning based neural network},
    booktitle = {Proceedings of the 2016 International Conference on Computational Linguistics},
    month     = {October},
    year      = {2016}
}

@inproceedings{wang2016chinese-song,
    author = {Wang, Qixin and Luo, Tianyi and Wang, Dong and Xing, Chao},
    title = {Chinese Song Iambics Generation with Neural Attention-based Model},
    booktitle = {Proceedings of the 25th International Joint Conference on Artificial Intelligence},
    year = {2016},
    isbn = {978-1-57735-770-4},
    location = {New York, New York, USA},
    pages = {2943--2949},
    numpages = {7}
} 
@article{fan2007study,
  title={A study on threshold selection for multi-label classification},
  author={Fan, Rong-En and Lin, Chih-Jen},
  journal={Department of Computer Science, National Taiwan University},
  pages={1--23},
  year={2007}
}
@article{CC01a,
 author = {Chang, Chih-Chung and Lin, Chih-Jen},
 title = {{LIBSVM}: A library for support vector machines},
 journal = {ACM Transactions on Intelligent Systems and Technology},
 volume = {2},
 issue = {3},
 year = {2011},
 pages = {27:1--27:27},
}

@article{hirjee2010using,
  title={Using Automated Rhyme Detection to Characterize Rhyming Style in Rap Music.},
  author={Hirjee, Hussein and Brown, Daniel G},
  journal={Empirical Musicology Review},
  volume={5},
  number={4},
  year={2010}
}

@inproceedings{Potash2015GhostWriter,
    title={GhostWriter: Using an LSTM for Automatic Rap Lyric Generation},
    author={Potash, Peter and Romanov, Alexey and Rumshisky, Anna},
    booktitle={Proceedings of Conference on Empirical Methods in Natural Language Processing},
    pages={165-177},
    year={2015},
}

@article{doersch2016tutorial,
    title = {Tutorial on Variational Autoencoders},
    author = {Doersch, Carl},
    journal = {arXiv preprint arXiv:1606.05908},
    year = {2016},
}

@inproceedings{kingma2014auto,
    title={Auto-Encoding Variational Bayes},
    author={Kingma, Diederik P and Welling, Max},
    booktitle={Proceedings of the 2nd International Conference on Learning 
    Representations},
    year={2014}
}

@article{Salimans2014Markov,
    title={Markov Chain Monte Carlo and Variational Inference: Bridging the Gap},
    author={Salimans, Tim and Kingma, Diederik P. and Welling, Max},
    journal={Eprint Arxiv},
    pages={1218-1226},
    year={2014},
}

@inproceedings{samuel2016generating,
    author    = {Samuel, R. Bowman and  Luke, Vilnis and Oriol,Vinyals and  Andrew,M. Dai and   Rafal,J{\'{o}}zefowicz and
    Samy,Bengio},
    title     = {Generating Sentences from a Continuous Space},
    booktitle = {Proceedings of the 20th {SIGNLL} Conference on Computational Natural
    Language Learning, CoNLL 2016, Berlin, Germany, August 11-12, 2016},
    pages     = {10--21},
    year      = {2016},
}

@inproceedings{Miao2016neural,
    author = {Miao, Yishu and Yu, Lei and Blunsom, Phil},
    title = {Neural Variational Inference for Text Processing},
    booktitle = {Proceedings of the 33rd International Conference on International Conference on Machine Learning - Volume 48},
    year = {2016},
    location = {New York, NY, USA},
    pages = {1727--1736},
} 

@InProceedings{zhang2016variational,
    author    = {Zhang, Biao  and  Xiong, Deyi  and  su, jinsong  and  Duan, Hong  and  Zhang, Min},
    title     = {Variational Neural Machine Translation},
    booktitle = {Proceedings of the 2016 Conference on Empirical Methods in Natural Language Processing},
    month     = {November},
    year      = {2016},
    address   = {Austin, Texas},
    publisher = {Association for Computational Linguistics},
    pages     = {521--530}
}


@inproceedings{iulian2017a,
    title={A hierarchical latent variable encoder-decoder model for generating dialogues},
    author={Serban, Iulian Vlad and Sordoni, Alessandro and Lowe, Ryan and Charlin, Laurent and Pineau, Joelle and Courville, Aaron and Bengio, Yoshua},
    booktitle={Proceedings of 31st AAAI Conference on Artificial Intelligence},
    year={2017}
}

@inproceedings{quoc2014distributed,
    author    = {Quoc, V. Le and Tomas,Mikolov},
    title     = {Distributed Representations of Sentences and Documents},
    booktitle = {Proceedings of the 31st International Conference on Machine Learning},
    location={Beijing, China},
    pages     = {1188--1196},
    year      = {2014}
}

@inproceedings{thorsten2006training,
    author    = {Thorsten,Joachims},
    title     = {Training linear SVMs in linear time},
    booktitle = {Proceedings of the 12th {ACM} {SIGKDD} International Conference
    on Knowledge Discovery and Data Mining},
    pages     = {217--226},
    year      = {2006}
}

@inproceedings{Joachims2005A,
    title={A support vector method for multivariate performance measures},
    author={Joachims, Thorsten},
    booktitle={Proceedings of International Conference on Machine Learning},
    pages={377-384},
    year={2005},
}

@InProceedings{dhingra2016tweet2vec,
    author    = {Dhingra, Bhuwan  and  Zhou, Zhong  and  Fitzpatrick, Dylan  and  Muehl, Michael  and  Cohen, William},
    title     = {Tweet2Vec: Character-Based Distributed Representations for Social Media},
    booktitle = {Proceedings of the 54th Annual Meeting of the Association for Computational Linguistics (Volume 2: Short Papers)},
    month     = {August},
    year      = {2016},
    address   = {Berlin, Germany},
    publisher = {Association for Computational Linguistics},
    pages     = {269--274}
}

@inproceedings{maas2011learning,
    title={Learning word vectors for sentiment analysis},
    author={Maas, Andrew L and Daly, Raymond E and Pham, Peter T and Huang, Dan and Ng, Andrew Y and Potts, Christopher},
    booktitle={Proceedings of the 49th Annual Meeting of the Association for Computational Linguistics: Human Language Technologies-Volume 1},
    pages={142--150},
    year={2011},
    organization={Association for Computational Linguistics}
}
@article{Kingma2014Semi,
  title={Semi-Supervised Learning with Deep Generative Models},
  author={Kingma, Diederik P and Rezende, Danilo J and Mohamed, Shakir and Welling, Max},
  journal={Advances in Neural Information Processing Systems},
  volume={4},
  pages={3581-3589},
  year={2014},
}

@inproceedings{rajpurkar2016squad,
    author = {Pranav, Rajpurkar and Jian, Zhang and Konstantin, Lopyrev and Percy, Liang},
    booktitle = {Proceedings of the 2016 Conference on Empirical Methods in Natural Language Processing},
    title = {SQuAD: 100,000+ Questions for Machine Comprehension of Text},
    year = {2016}
}

@inproceedings{hang2017effective,
    author      = {Hang, Li and Haozheng, Wang and Zhenglu, Yang and Haocheng, Liu},
    title       = {Effective Representing of Information Network by Variational Autoencoder},
    booktitle   = {Proceedings of International Joint Conference on Artificial Intelligence},
    year        = {2017},
}

@inproceedings{addanki2013unsupervised,
    title={Unsupervised rhyme scheme identification in hip hop lyrics using hidden Markov models},
    author={Addanki, Karteek and Wu, Dekai},
    booktitle={Proceeding of International Conference on Statistical Language and Speech Processing},
    pages={39--50},
    year={2013}
}

@article{potash2016evaluating,
    title={Evaluating Creative Language Generation: The Case of Rap Lyric Ghostwriting},
    author={Potash, Peter and Romanov, Alexey and Rumshisky, Anna},
    journal={arXiv preprint arXiv:1612.03205},
    year={2016}
}

@inproceedings{papineni2002bleu,
    title={BLEU: a method for automatic evaluation of machine translation},
    author={Papineni, Kishore and Roukos, Salim and Ward, Todd and Zhu, Wei-Jing},
    booktitle={Proceedings of the 40th annual meeting on association for computational linguistics},
    pages={311--318},
    year={2002},
    organization={Association for Computational Linguistics}
}

@inproceedings{hou2017deep,
  title={Deep feature consistent variational autoencoder},
  author={Hou, Xianxu and Shen, Linlin and Sun, Ke and Qiu, Guoping},
  booktitle={Applications of Computer Vision (WACV), 2017 IEEE Winter Conference on},
  pages={1133--1141},
  year={2017},
  organization={IEEE}
}

@article{zeiler2012adadelta,
  title={ADADELTA: an adaptive learning rate method},
  author={Zeiler, Matthew D},
  journal={arXiv preprint arXiv:1212.5701},
  year={2012}
}

@inproceedings{chen2017visual,
  title={Visual and Textual Sentiment Analysis Using Deep Fusion Convolutional Neural Networks},
  author={Chen, Xingyue and Wang, Yunhong and Liu, Qingjie},
  booktitle={Proceedings of the 2017 IEEE International Conference on Image Processing},
  year={2017}
}

@misc{kurzweil2001ray,
  title={Ray kurzweil’s cybernetic poet},
  author={Kurzweil, Ray},
  year={2001}
}

@article{jiang2015jiyu,
  title={基于主题模型和统计机器翻译方法的中文格律诗自动生成},
  author={蒋锐滢 and 崔磊 and 何晶 and 周明 and 潘志庚},
  journal={计算机学报},
  volume={38},
  number={12},
  pages={2426--2436},
  year={2015}
}

@inproceedings{mikolov2010recurrent,
  title={Recurrent neural network based language model},
  author={Mikolov, Tom{\'a}{\v{s}} and Karafi{\'a}t, Martin and Burget, Luk{\'a}{\v{s}} and {\v{C}}ernock{\`y}, Jan and Khudanpur, Sanjeev},
  booktitle={Eleventh Annual Conference of the International Speech Communication Association},
  year={2010}
}

@article{hu2009lyric,
  title={Lyric text mining in music mood classification},
  author={Hu, Xiao and Downie, J Stephen and Ehmann, Andreas F},
  journal={American music},
  volume={183},
  number={5,049},
  pages={2--209},
  year={2009}
}
@inproceedings{he2008language,
  title={Language feature mining for music emotion classification via supervised learning from lyrics},
  author={He, Hui and Jin, Jianming and Xiong, Yuhong and Chen, Bo and Sun, Wu and Zhao, Ling},
  booktitle={International Symposium on Intelligence Computation and Applications},
  pages={426--435},
  year={2008},
  organization={Springer}
}

@article{cai2017multi,
  title={Multi-Stage Variational Auto-Encoders for Coarse-to-Fine Image Generation},
  author={Cai, Lei and Gao, Hongyang and Ji, Shuiwang},
  journal={arXiv preprint arXiv:1705.07202},
  year={2017}
}

@inproceedings{bowman2016generating,
  title={Generating Sentences from a Continuous Space},
  author={Bowman, Samuel R and Vilnis, Luke and Vinyals, Oriol and Dai, Andrew and Jozefowicz, Rafal and Bengio, Samy},
  booktitle={Proceedings of The 20th SIGNLL Conference on Computational Natural Language Learning},
  pages={10--21},
  year={2016}
}

@inproceedings{semeniuta2017hybrid,
  title={A Hybrid Convolutional Variational Autoencoder for Text Generation},
  author={Semeniuta, Stanislau and Severyn, Aliaksei and Barth, Erhardt},
  booktitle={Proceedings of the 2017 Conference on Empirical Methods in Natural Language Processing},
  pages={627--637},
  year={2017}
}

@inproceedings{xu2017variational,
  title={Variational Autoencoder for Semi-Supervised Text Classification.},
  author={Xu, Weidi and Sun, Haoze and Deng, Chao and Tan, Ying},
  booktitle={AAAI},
  pages={3358--3364},
  year={2017}
}

@inproceedings{morin2005hierarchical,
  title={Hierarchical Probabilistic Neural Network Language Model.},
  author={Morin, Frederic and Bengio, Yoshua},
  booktitle={Aistats},
  volume={5},
  pages={246--252},
  year={2005},
  organization={Citeseer}
}

@inproceedings{mikolov2013distributed,
  title={Distributed representations of words and phrases and their compositionality},
  author={Mikolov, Tomas and Sutskever, Ilya and Chen, Kai and Corrado, Greg S and Dean, Jeff},
  booktitle={Advances in neural information processing systems},
  pages={3111--3119},
  year={2013}
}

@article{xiao2008mosheng,
  title={“陌生化”: 从诗歌创作到诗歌翻译},
  author={肖曼琼},
  journal={外语教学},
  volume={29},
  number={2},
  pages={93--96},
  year={2008}
}

@article{zhao2007yingmei,
  title={英美诗歌中韵律节奏的音乐性},
  author={赵广竹},
  journal={鞍山师范学院学报},
  number={1},
  pages={70--73},
  year={2007}
}

@article{wang2016paiju,
  title={日本俳句与中国六朝美学},
  author={王建刚 and others},
  journal={美育学刊},
  number={2016 年 02},
  pages={9--18},
  year={2016},
  publisher={杭州师范大学}
}

@article{song2009pingze,
  title={诗词平仄与韵律判定的实现},
  author={宋园方},
  journal={科技信息},
  number={10},
  pages={112--112},
  year={2009}
}

@article{jamal2012poetry,
  title={Poetry classification using support vector machines},
  author={Jamal, Noraini and Mohd, Masnizah and Noah, Shahrul Azman},
  journal={Journal of Computer Science},
  volume={8},
  number={9},
  pages={1441},
  year={2012},
  publisher={Science Publications}
}

@inproceedings{lou2015multilabel,
  title={Multilabel Subject-Based Classification of Poetry.},
  author={Lou, Andres and Inkpen, Diana and Tanasescu, Chris},
  booktitle={FLAIRS Conference},
  pages={187--192},
  year={2015}
}

@inproceedings{li2017vae,
  title={Effective representing of information network by variational autoencoder},
  author={Li, Hang and Wang, Haozheng and Yang, Zhenglu and Liu, Haochen},
  booktitle={Proceedings of the 26th International Joint Conference on Artificial Intelligence},
  pages={2103--2109},
  year={2017},
  organization={AAAI Press}
}

@inproceedings{li2017effective,
  title={Effective Strategies on Representing Information Networks},
  author={Li, Hang and Wang, Haozheng and Yang, Zhenglu and Wei, Jin-Mao and Odagaki, Masato},
  booktitle={Proceedings of the 26th International Conference on World Wide Web Companion},
  pages={813--814},
  year={2017},
  organization={International World Wide Web Conferences Steering Committee}
}

@inproceedings{liang2017effective,
  title={AttAE-RL²: Attention based Autoencoder for Rap Lyrics Representation Learning},
  author={Liang, Hongru and Li, Qian and Wang, Haozheng and Wei, Jin-Mao and Yang, Zhenglu},
  booktitle={Proceedings of the 27th International Conference on World Wide Web Companion},
  year={2018},
  organization={International World Wide Web Conferences Steering Committee}
}
